@online{lucidOrganigrama,
    author = {{Lucid Software}},
    title = {{Q}ué es un organigrama.},
    url  = {https://www.lucidchart.com/pages/es/que-es-un-organigrama},
    keywords = "Organigrama"
}

@misc{lucidchartOrganigrama,
	author = {{Lucid Software}},
	title = {{Q}ué es un organigrama},
	howpublished = {\url{https://www.lucidchart.com/pages/es/que-es-un-organigrama}}
}

@misc{matrizPriorizacion,
    author = {{Coworkingfy}},
	title = {Matriz de Priorización | Qué es, ventajas y cómo elaborarla},
	howpublished = {\url{https://coworkingfy.com/matriz-de-priorizacion/}},
        year = {2020},
	note = {Accedido 17-04-2024},
}

@thesis{antecedente1Tesis,
  author = {Toala Muñoz, Maria Veronica and Eugenio Lindao, Gabriel Mauricio},
  title = {Analisis y Desarrollo de un sistema de control y ficha técnica de taller automotriz},
  school = {Universidad Politecnica Salesiana},
  year = {2015},
  type = {Tesis previa a la obtención del titulo de Ingeniero de Sistemas},
  url = {https://dspace.ups.edu.ec/bitstream/123456789/10312/1/UPS-GT001212.pdf}
}

%thesis{antecedente1Tesis,
  author = {Cabeza Larrazabal, Yasmin},
  title = {Gestión web de un taller mecánico},
  school = {Universidad del País Vasco},
  year = {2015},
  note = {Proyecto de fin de carrera},
  url = {https://addi.ehu.eus/handle/10810/15204?locale-attribute=es}
}

@thesis{antecedente2Tesis,
  author = {Cabez Larrazabal, Yasmin},
  title = {Gestión web de un taller mecánico},
  school = {Universidad del País Vasco},
  year = {2015},
  type = {Proyecto de fin de carrera},
  url = {https://addi.ehu.eus/handle/10810/15204?locale-attribute=es}
}


%Terminos y Conceptos en orden:
@misc{asanaWantMore,
	author = {Asana},
	title = {Cómo mejorar la eficiencia operativa},
	howpublished = {\url{https://asana.com/es/resources/operational-efficiency}},
	year = {2024},
}%

@misc{questionproSatisfaccinCliente,
	author = {QuestionPro},
	title = {Satisfacción del cliente},
	howpublished = {\url{https://www.questionpro.com/es/satisfaccion-al-cliente.html}},
	year = {2024},
}

@misc{devcampQuBackend,
	author = {BOTTEGA},
	title = {¿Qué es el Backend?},
	howpublished = {\url{https://devcamp.es/que-es-backend/#:~:text=Una%20definici%C3%B3n%20de%20qu%C3%A9%20es,web%20desarrollen%20la%20funci%C3%B3n%20correcta.}},
	year = {2020},
}

@misc{ibmQuJava,
	author = {IBM},
	title = {¿Qué es Java Spring Boot?},
	howpublished = {\url{https://www.ibm.com/mx-es/topics/java-spring-boot}},
	year = {2018},
}

@misc{computerweeklyQuStructured,
	author = {Jessica Sirkin},
	title = {SQL (Structured Query Language o Lenguaje de consultas estructuradas)},
	howpublished = {\url{https://www.computerweekly.com/es/definicion/SQL-Structured-Query-Language-o-Lenguaje-de-consultas-estructuradas#:~:text=El%20lenguaje%20de%20consultas%20estructuradas,con%20los%20datos%20que%20contienen.}},
	year = {2021},
}

@misc{googleQuBase,
	author = {Google},
	title = {¿Qué es una base de datos relacional?},
	howpublished = {\url{https://cloud.google.com/learn/what-is-a-relational-database?hl=es-419}},
	year = {2022},
}

@misc{hubspotMySQLPara,
	author = {Londoño, Pablo},
	title = {Qué es MySQL, para qué sirve y características principales},
	howpublished = {\url{https://blog.hubspot.es/website/que-es-mysql}},
	year = {2023},
}

@misc{deloitteQuORM,
	author = {José Antonio Muro},
	title = {¿Qué es un ORM?},
	howpublished = {\url{https://www2.deloitte.com/es/es/pages/technology/articles/que-es-orm.html}},
	year = {2024},
}

@misc{sydleQuAPI,   
	author = {SYDLE},
	title = {¿{Q}ué es {A}{P}{I}? {E}jemplos, ventajas y tipos --- sydle.com},
	howpublished = {\url{https://www.sydle.com/es/blog/api-6214f68876950e47761c40e7}},
	year = {},
}

@misc{openwebinarsRESTConoce,
	author = {Rosa Moncayo, José Manuel},
	title = {Qué es REST: Conoce su potencia},
	howpublished = {\url{https://openwebinars.net/blog/que-es-rest-conoce-su-potencia/#:~:text=NET%20y%20m%C3%A1s-,Qu%C3%A9%20significa%20REST,espec%C3%ADficos%2C%20como%20XML%20y%20JSON.}},
	year = {2018},
}

@misc{codigofacilitoModelView,
	author = {Uriel Hernández},
	title = {MVC (Model, View, Controller) explicado.},
	howpublished = {\url{https://codigofacilito.com/articulos/mvc-model-view-controller-explicado}},
	year = {2015},
}

@misc{oscarblancarteblogDataTransfer,
	author = {Oscar Blancarte},
	title = {Data Transfer Object (DTO) – Patrón de diseño},
	howpublished = {\url{https://www.oscarblancarteblog.com/2018/11/30/data-transfer-object-dto-patron-diseno/}},
	year = {2018},
}

@misc{amazonQuRepositorios,
	author = {Amazon Web Services},
	title = {¿{Q}ué son los repositorios? - {E}xplicación sobre los repositorios - {A}{W}{S} --- aws.amazon.com},
	howpublished = {\url{https://aws.amazon.com/es/what-is/repo/#:~:text=Un%20repositorio%2C%20o%20repo%2C%20es,de%20documentos%20al%20desarrollar%20software.}},
	year = {},
}

@misc{microsoftQuGit,
	author = {{ijacobs, LizCasey1, EdKaim}},
	title = {¿Qué es Git?},
	howpublished = {\url{https://learn.microsoft.com/es-es/devops/develop/git/what-is-git}},
	year = {2023},
}

@misc{hostingerGitHubCmo,
	author = {B. Gustavo},
	title = {Qué es GitHub y cómo empezar a usarlo},
	howpublished = {\url{https://www.hostinger.es/tutoriales/que-es-github}},
	year = {2023},
}

@misc{ionosQuServidores,
	author = {Know How},
	title = {¿Qué son los servidores de aplicaciones?},
	howpublished = {\url{https://www.ionos.es/digitalguide/servidores/know-how/servidor-de-aplicaciones/}},
	year = {2023},
}

@misc{cesumaQuFramework,
	author = {Paola Lucena},
	title = {¿{Q}ué es el framework?},
	howpublished = {\url{https://www.cesuma.mx/blog/que-es-el-framework.html#:~:text=Un%20framework%20es%20un%20conjunto%20de%20reglas%20y%20convenciones%20que,utilizar%20como%20punto%20de%20partida.}},
	year = {2024},
}

@misc{campusmvpInyeccinDependencias,
	author = {Aguilar, José María},
	title = {Qué es la Inyección de Dependencias y cómo funciona},
	howpublished = {\url{https://www.campusmvp.es/recursos/post/que-es-la-inyeccion-de-dependencias-y-como-funciona.aspx}},
	year = {2020},
}

@misc{linkedinFrontendCaractersticas,
	author = {Denis Borovskoy},
	title = {Qué es Frontend: Características y Ejemplos},
	howpublished = {\url{https://es.linkedin.com/pulse/qu%C3%A9-es-frontend-caracter%C3%ADsticas-y-ejemplos-2023-denis-borovskoy}},
	year = {2023},
}

@misc{angularAngular,
	author = {Google, LLC},
	title = {{A}ngular --- docs.angular.lat},
	howpublished = {\url{https://docs.angular.lat/guide/architecture#:~:text=Angular%20es%20una%20plataforma%20y,que%20importas%20en%20tus%20aplicaciones.}},
	year = {2020},
}

@misc{QuComponentes,
	author = {Rodrigo Bosarreyes},
	title = {¿Qué son los componentes en Angular y cómo se crean?},
	howpublished = {\url{https://medium.com/@bosarreyesrodrigo/componentes-en-angular-i-63db68231067#:~:text=En%20Angular%2C%20un%20componente%20es,reutilizables%20en%20una%20aplicación%20Angular.}},
	year = {2023},
}

@misc{freecodecampCmoUsar,
	author = {Afric Augustin},
	title = {Cómo usar y crear directivas personalizadas en Angular},
	howpublished = {\url{https://www.freecodecamp.org/espanol/news/como-usar-y-crear-directivas-personalizadas-en- angular/#:~:text=%C2%BFQu%C3%A9%20es%20una%20directiva%20angular,adjuntar%20comportamientos%20personalizados%20al%20DOM.}},
	year = {2023},
}

@misc{imaginaformacionCmoIntegrar,
	author = {Imagina Group , Imagina},
	title = {Cómo integrar servicios y llamadas a API en Angular},
	howpublished = {\url{https://imaginaformacion.com/tutoriales/servicios-llamadas-api-angular}},
	year = {2024},
}

@misc{digital55QuSinglePage,
	author = {López Mora, Sara},
	title = {¿Qué son las Single-page application (SPA)?},
	howpublished = {\url{https://digital55.com/blog/que-son-single-page-application-spa-desarrollo-elegido-por-gmail-linkedin/}},
	year = {2021},
}

@misc{amazonQuCLI,
	author = {Amazon Web Services, Inc.},
	title = {¿Qué es una CLI? (Interfaz de línea de comandos)},
	howpublished = {\url{https://aws.amazon.com/es/what-is/cli/}},
	year = {2023},
}

@misc{mediumEnrutamientoAngular,
	author = {Bueno Solano, Kevin Andrey},
	title = {Enrutamiento en Angular},
	howpublished = {\url{https://aristotekean.medium.com/enrutamiento-en-angular-996f14e89293#:~:text=El%20Enrutamiento%20o%20rutas%20en%20Angular%20es%20la%20manera%20en,base%20de%20m%C3%B3dulos%20y%20componentes.}},
	year = {2017},
}


@misc{ceupeQuMano,
	author = {ceupe},
	title = {¿{Q}ué es la {M}ano de obra? {C}oncepto, tipos y características --- ceupe.com},
	howpublished = {\url{https://www.ceupe.com/blog/mano-de-obra.html#:~:text=La%20mano%20de%20obra%20se,a%20cabo%20sus%20actividades%20empresariales.}},
	year = {2023},
}